@article{barnett2006agile,
  title={Agile survey results: Solid experience and real results},
  author={Barnett, Liz},
  journal={Agile Journal},
  pages={70--77},
  year={2006}
}

@article{barnett2004adopting,
  title={Adopting agile development processes; improve time-to-benefits for software projects forrester research},
  author={Barnett, L and Schwaber, C},
  year={2004}
}

@article{highsmith2006agile,
  title={Agile: from rogue teams to enterprise acceptance},
  author={Highsmith, J},
  journal={The Cutter Business Technology Council},
  year={2006}
}

@article{kuppuswami2003effects,
  title={The effects of individual XP practices on software development effort},
  author={Kuppuswami, S and Vivekanandan, Kalimuthu and Ramaswamy, Prakash and Rodrigues, Paul},
  journal={ACM SIGSOFT Software Engineering Notes},
  volume={28},
  number={6},
  pages={6--6},
  year={2003},
  publisher={ACM}
}

@inproceedings{law2005effects,
  title={Effects of agile practices on social factors},
  author={Law, Amy and Charron, Raylene},
  booktitle={ACM SIGSOFT Software Engineering Notes},
  volume={30},
  number={4},
  pages={1--5},
  year={2005},
  organization={ACM}
}

@article{schatz2005primavera,
  title={Primavera gets agile: a successful transition to agile development},
  author={Schatz, Bob and Abdelshafi, Ibrahim},
  journal={IEEE software},
  volume={22},
  number={3},
  pages={36--42},
  year={2005},
  publisher={IEEE}
}

@article{williams2000strengthening,
  title={Strengthening the case for pair programming},
  author={Williams, Laurie and Kessler, Robert R and Cunningham, Ward and Jeffries, Ron},
  journal={IEEE software},
  volume={17},
  number={4},
  pages={19--25},
  year={2000},
  publisher={IEEE}
}